@inproceedings{ref:Agullo2011,
    title = {{QR Factorization on a Multicore Node Enhanced with Multiple GPU Accelerators}},
    author = {Agullo, Emmanuel and Augonnet, C{\'e}dric and Dongarra, Jack and Faverge, Mathieu and Ltaief, Hatem and Thibault, Samuel and Tomov, Stanimire},
    booktitle = {{25th IEEE International Parallel \& Distributed Processing Symposium}},
    address = {Anchorage, {\'E}tats-Unis},
    year = {2011},
    month = {May}
}

@article{ref:Gonnet2014,
  title="Efficient and Scalable Algorithms for Smoothed Particle Hydrodynamics on Hybrid Shared/Distributed-Memory Architectures",
  author="Gonnet, Pedro",
  journal="SIAM Journal on Scientific Computing",
  volume="in Press",
  year="2014"
  }

@article{ref:Ltaief2012,
    title={Data-driven execution of fast multipole methods},
    author={Ltaief, Hatem and Yokota, Rio},
    eprint={arxiv:cs.NA/1203.0889},
    year={2012}
    }

@techreport{ref:Agullo2013,
    title={Task-based {FMM} for multicore architectures},
    author={Agullo, Emmanuel and Bramas, B{\'e}renger and Coulaud, Olivier and Darve, Eric and Messner, Matthias and Takahashi, Toru},
    number={8277},
    institution={Inria},
    address={Domaine de Voluceau -- Rocquencourt, BP 105--78153, Le Chesnay, Cedex},
    month={March},
    year={2013}
    }
    
@article{ref:Buttari2009,
    title={A class of parallel tiled linear algebra algorithms for multicore architectures},
    author={Buttari, Alfredo and Langou, Julien and Kurzak, Jakub and Dongarra, Jack},
    journal={Parallel Computing},
    volume={35},
    number={1},
    pages={38--53},
    year={2009},
    publisher={Elsevier}
    }
    
@techreport{ref:Yarkhan2011,
    title={Quark users' guide: Queueing and runtime for kernels},
    author={YarKhan, Asim and Kurzak, Jakub and Dongarra, Jack},
    institution={University of Tennessee Innovative Computing Laboratory},
    number={ICL-UT-11-02},
    year={2011}
    }
    
@inproceedings{ref:Blumofe1995,
    author = {Blumofe, Robert D. and Joerg, Christopher F. and Kuszmaul, Bradley C. and Leiserson, Charles E. and Randall, Keith H. and Zhou, Yuli},
    title = {Cilk: an efficient multithreaded runtime system},
    booktitle = {Proceedings of the fifth ACM SIGPLAN symposium on Principles and practice of parallel programming},
    series = {PPOPP '95},
    year = {1995},
    isbn = {0-89791-700-6},
    location = {Santa Barbara, California, USA},
    pages = {207--216},
    numpages = {10},
    url = {http://doi.acm.org/10.1145/209936.209958},
    doi = {10.1145/209936.209958},
    acmid = {209958},
    publisher = {ACM},
    address = {New York, NY, USA},
    } 
    
@inproceedings{ref:Perez2008,
    title={A dependency-aware task-based programming environment for multi-core architectures},
    author={Perez, Josep M and Badia, Rosa M and Labarta, Jesus},
    booktitle={Cluster Computing, 2008 IEEE International Conference on},
    pages={142--151},
    year={2008},
    organization={IEEE}
    }
    
@article{ref:Augonnet2011,
    author = {C{\'e}dric Augonnet and Samuel Thibault and Raymond Namyst and Pierre-Andr{\'e} Wacrenier},
    title = {Star{PU}: A Unified Platform for Task Scheduling on Heterogeneous Multicore Architectures},
    journal = {Concurrency and Computation: Practice and Experience, Special Issue: Euro-Par 2009},
    volume = {23},
    issue = {2},
    pages = {187--198},
    year = {2011},
    month = {February},
    publisher = {John Wiley & Sons, Ltd.},
    doi = {10.1002/cpe.1631},
    url = {http://hal.inria.fr/inria-00550877},
    keywords = {StarPU} 
    }

@manual{ref:StarPU2013,
    title = {Star{PU} Handbook},
    organization = {StarPU},
    address = {Universit\'e de Bordeaux 1, Cetre National de la Recherche Scientifique, INRIA},
    year = {2013},
    note = {for StarPU 1.1.0rc2},
    key = {StarPU}
    }
    
@inproceedings{ref:OpenMP2008,
    title={OpenMP application program interface version 3.0},
    author={Board, OAR},
    booktitle={The OpenMP Forum, Tech. Rep},
    year={2008}
    }
    
@article{ref:Duran2011,
    title={Omp{S}s: a proposal for programming heterogeneous multi-core architectures},
    author={Duran, Alejandro and Ayguad{\'e}, Eduard and Badia, Rosa M and Labarta, Jes{\'u}s and Martinell, Luis and Martorell, Xavier and Planas, Judit},
    journal={Parallel Processing Letters},
    volume={21},
    number={02},
    pages={173--193},
    year={2011},
    publisher={World Scientific}
    }
    
@inproceedings{ref:Gautier2007,
    title={KAAPI: A thread scheduling runtime system for data flow computations on cluster of multi-processors},
    author={Gautier, Thierry and Besseron, Xavier and Pigeon, Laurent},
    booktitle={Proceedings of the 2007 international workshop on Parallel symbolic computation},
    pages={15--23},
    year={2007},
    organization={ACM}
    }

@book{ref:Reinders2010,
    title={Intel threading building blocks: outfitting {C}++ for multi-core processor parallelism},
    author={Reinders, James},
    year={2010},
    publisher={O'Reilly Media, Inc.}
    }

@article{ref:Kahn1962,
    title={Topological sorting of large networks},
    author={Kahn, Arthur B},
    journal={Communications of the ACM},
    volume={5},
    number={11},
    pages={558--562},
    year={1962},
    publisher={ACM}
    }

@article{ref:Dagum1998,
    title={Open{MP}: an industry standard {API} for shared-memory programming},
    author={Dagum, Leonardo and Menon, Ramesh},
    journal={Computational Science \& Engineering, IEEE},
    volume={5},
    number={1},
    pages={46--55},
    year={1998},
    publisher={IEEE}
    }

@article{ref:Blumofe1999,
    title={Scheduling multithreaded computations by work stealing},
    author={Blumofe, Robert D and Leiserson, Charles E},
    journal={Journal of the ACM (JACM)},
    volume={46},
    number={5},
    pages={720--748},
    year={1999},
    publisher={ACM}
    }

@article{ref:Pthreads1995,
    title={POSIX.1c, Threads extension},
    author={IEEE},
    journal={IEEE Std 1003.1},
    volume={},
    year={1995}
    }

@inproceedings{ref:Agullo2009,
    title={Numerical linear algebra on emerging architectures: The {PLASMA} and {MAGMA} projects},
    author={Agullo, Emmanuel and Demmel, Jim and Dongarra, Jack and Hadri, Bilel and Kurzak, Jakub and Langou, Julien and Ltaief, Hatem and Luszczek, Piotr and Tomov, Stanimire},
    booktitle={Journal of Physics: Conference Series},
    volume={180},
    number={1},
    pages={012037},
    year={2009},
    organization={IOP Publishing}
    }

@article{ref:Hoare1962,
    title={Quicksort},
    author={Hoare, Charles AR},
    journal={The Computer Journal},
    volume={5},
    number={1},
    pages={10--16},
    year={1962},
    publisher={Br Computer Soc}
    }

@article{ref:Bosilca2012,
    title={{DAGuE}: A generic distributed DAG engine for high performance computing},
    author={Bosilca, George and Bouteiller, Aurelien and Danalis, Anthony and Herault, Thomas and Lemarinier, Pierre and Dongarra, Jack},
    journal={Parallel Computing},
    volume={38},
    number={1},
    pages={37--51},
    year={2012},
    publisher={Elsevier}
    }

@article{ref:Badia2009,
    title={Parallelizing dense and banded linear algebra libraries using {SMPSs}},
    author={Badia, Rosa M and Herrero, Jos{\'e} R and Labarta, Jes{\'u}s and P{\'e}rez, Josep M and Quintana-Ort{\'\i}, Enrique S and Quintana-Ort{\'\i}, Gregorio},
    journal={Concurrency and Computation: Practice and Experience},
    volume={21},
    number={18},
    pages={2438--2456},
    year={2009},
    publisher={Wiley Online Library}
    }

@inproceedings{ref:Agullo2009b,
    title={Comparative study of one-sided factorizations with multiple software packages on multi-core hardware},
    author={Agullo, Emmanuel and Hadri, Bilel and Ltaief, Hatem and Dongarrra, Jack},
    booktitle={Proceedings of the Conference on High Performance Computing Networking, Storage and Analysis},
    pages={20},
    year={2009},
    organization={ACM}
    }
